2678 4760
289 313 570 500 satrapam
603 367 829 443 urorum.
857 355 862 364 “
1007 377 1054 467 67

36 579 192 620 nentem·
215 555 393 628 Kosmou,
426 565 461 615 at
488 552 638 633 omnibus
656 553 698 614 'in
725 551 874 635 partibus
901 558 1054 622 tenerior.

35 642 170 704 Differt
192 643 363 716 insuperz‘

152 722 185 808 1)
210 723 319 786 Foliis
342 719 457 803 planis,
478 721 591 782 subtus
614 739 691 780 cum
712 720 841 804 vaginis
864 721 939 802 pilis
961 725 1056 789 flexi·
1084 775 1087 788 .

211 804 297 868 libus
318 803 494 868 hincinde
515 803 685 884 adspersis,
716 804 756 864 ad
776 823 846 866 oras
867 809 1058 888 vaginarum

213 885 532 972 pilorum¹fasciculo
555 889 669 950 auctis.
728 928 751 976 ,-
1053 899 1055 909 ’

150 971 186 1050 a)
211 971 375 1036 Peniculo
394 974 554 1032 tenuiore.

152 1057 187 1134 5)
216 1054 361 1134 Spicnlis
382 1055 507 1114 brevius
529 1051 742 1132 pedicellatis,
763 1053 817 1114 rix
838 1055 986 1136 calycem
1005 1079 1067 1123 su·.

214 1137 408 1220 parantibus
431 1137 494 1197 tri·
509 1136 561 1197 vel
583 1139 708 1216 saepius
729 1151 861 1201 tantum
883 1137 1016 1204 bifloris.

65 1264 185 1320 Obstru.
201 1264 224 1316 I.
261 1263 347 1316 Poam
366 1263 525 1315 cbinenssm
541 1263 643 1316 aaran
669 1265 778 1334 absque,
796 1261 859 1318 ulla
876 1265 1061 1324 dubitatione

135 1348 202 1384 cum
224 1341 322 1384 nostra
345 1328 448 1401 planta
466 1330 589 1382 eandem
614 1341 766 1400 putarem,
788 1333 846 1384 nisi
866 1335 990 1388 carinam
1013 1353 1062 1389 ca·

132 1395 205 1466 lycis
225 1399 336 1452 diceret
360 1400 482 1461 laevem,
505 1405 581 1466 quae
599 1415 667 1450 cum
685 1397 999 1519 racbfflidentissime
1017 1420 1061 1459 as·

133 1483 204 1534 pera
220 1473 280 1530 est,
309 1481 377 1517 cunr
400 1461 525 1532 reliquis
548 1463 730 1543 inpartibus
824 1467 922 1520 imode'
943 1479 1079 1540 respon-'

133 1533 201 1586 dest
218 1531 376 1602 descriptio
395 1530 613 1595 honoratissimi
631 1533 766 1588 auctoris.

64 1613 185 1689 Οῑνεινυ.1
198 1633 235 1685 11.
273 1629 575 1695 Eleusincfiliformis
600 1611 701 1685 eadem
725 1633 828 1704 plenta
851 1643 894 1687 est
917 1653 984 1688 curn
1008 1607 1064 1691 hirc

133 1697 388 1837 iiovircgc‘itpit't.fid⁰
406 1696 577 1768 speciminis
600 1699 636 1752 ab
660 1701 724 1770 ipso
747 1703 915 1761 veneratior.
939 1705 1064 1760 Psasoo·

90 1895 123 1957 6.
165 1893 252 1954 Pon
272 1893 417 1955 viscosa.

134 2011 170 2072 P.
192 2009 364 2090 paniculae
388 2004 559 2090 oblongae,
581 2007 737 2088 ospitalis,
758 2009 891 2087 patulae
911 2016 1009 2076 ramis
1027 2015 1067 2075 ad

43 2094 147 2156 basin
172 2093 295 2166 nudis,
326 2089 456 2171 spiculis
488 2091 829 2166 lineari-lanceolatis
860 2091 1067 2174 subduocim-

43 2179 161 2250 floris,
190 2171 334 2236 flosculis
363 2173 485 2232 obtusis
507 2173 599 2250 apice
622 2173 742 2241 liberis,
763 2172 891 2232 valvula
913 2179 1068 2246 interiore

48 2263 148 2320 dorso
170 2259 212 2316 ad
232 2252 417 2334 marginem
439 2253 604 2311 inflexum
625 2249 719 2312 valde
740 2251 859 2330 pilosa,
882 2245 992 2320 culmo
1012 2280 1069 2328 sn.

49 2343 179 2424 guloso,
201 2355 341 2405 ramoso,
363 2337 390 2396 ri
414 2333 478 2408 ido,
500 2334 636 2394 demum
658 2333 791 2393 viscoso.
978 2354 989 2374 ‘

138 2424 174 2484 P.
197 2419 349 2499 panicula
379 2438 397 2478 o
424 2418 523 2498 longa
543 2431 687 2494 patente,
711 2409 840 2496 spicdlis
861 2415 1071 2489 inferioribus

49 2505 208 2575 trifloris,
238 2498 454 2581 superioribus
488 2497 769 2570 duodecimfloris,
799 2502 916 2564 culmis
944 2509 1069 2587 rigidis,

50 2593 191 2652 demum
212 2585 352 2645 viscosis.
375 2581 481 2662 Rura.
506 2581 639 2647 observ,
662 2583 729 2646 bot.
750 2585 841 2646 Fasc.
860 2603 890 2666 4.
906 2605 979 2674 pag.
997 2611 1048 2656 20.
1087 2605 1089 2612 ·

72 2715 188 2772 observ.
225 2711 348 2765 Habitus
371 2709 447 2761 Posse
465 2711 675 2780 Erogrosticlt's,
698 2717 729 2764 at
753 2712 830 2764 notis
854 2715 991 2772 indicatis
1008 2730 1076 2780 tam.
1147 2703 1152 2718 Χ
1225 2741 1231 2756 ·

140 2785 176 2835 ab
195 2781 261 2845 hac,
281 2795 369 2848 quarn
387 2795 403 2828 a
420 2779 453 2846 Ρ.
473 2795 635 2831 mucronata
653 2788 752 2830 nostra
767 2778 970 2843 diversissima·
989 2789 1070 2842 Flos.

141 2849 279 2902 culorum
297 2860 437 2897 numerus
454 2843 486 2896 in
504 2845 625 2924 spiculis
643 2847 770 2897 maxime
788 2846 953 2902 inconstans
971 2863 1014 2904 ost
1039 2859 1071 2908 in

140 2919 198 2973 hoc
223 2929 330 2983 genere
360 2920 390 2963 et
417 2909 457 2963 ita
481 2929 575 2966 minus
599 2911 681 2965 valet
702 2928 755 2982 pro
780 2914 802 2964 si
846 2931 862 2966 o
889 2915 1070 2984 diagnostico

141 2983 316 3054 specierum.
357 2981 392 3032 In
421 2995 486 3031 meo
510 2979 672 3050 specimine
695 2997 712 3032 a
742 2978 811 3030 Cels
833 2997 872 3032 er.
899 2984 1000 3035 navas
1022 3003 1071 3038 ac·

143 3058 238 3119 cepto,
256 3041 388 3117 spiculae
405 3045 559 3108 inferiores
576 3047 731 3116 paniculae
742 3045 874 3100 flosculis
886 3065 911 3114 5.
926 3050 950 3102 6.
964 3068 990 3119 7,
1001 3067 1070 3120 gau.

143 3117 223 3181 dent,
241 3113 405 3184 superiores
422 3129 437 3164 e
455 3117 603 3166 contrario
622 3113 724 3166 decern
746 3112 782 3166 ad
806 3114 970 3169 duodecim.
1007 3121 1070 3172 Cul-

143 3203 205 3237 mus
222 3197 310 3253 porro
328 3197 387 3232 non
404 3189 495 3248 teres,
520 3180 569 3232 sed
594 3183 691 3250 potius
714 3182 870 3248 angulosus
894 3183 1070 3252 etpobsolete
1089 3197 1093 3206 “

140 3251 285 3320 trigonus,
303 3250 477 3317 praesertim
495 3249 572 3304 inter
586 3262 757 3316 supremam
780 3247 887 3304 solium
904 3257 934 3301 ct
949 3253 1071 3318 panicu-

142 3317 221 3384 lam,
240 3317 426 3382 observatur,
445 3314 519 3368 licet
535 3313 597 3367 Cel.
616 3317 737 3368 Rastros
755 3313 842 3368 illum
860 3324 985 3370 teretem
1002 3333 1069 3388 pro-

144 3385 291 3502 nuntiepiE
306 3381 464 3438 Caeterum
496 3381 662 3436 omnimode
691 3382 828 3434 convenit
851 3397 920 3434 curn
943 3381 1070 3458 descrip-

145 3454 224 3504 tione
292 3465 357 3502 stu.

36 3609 39 3658 t
103 3607 134 3669 7.
176 3581 265 3644 POA
279 3586 489 3664 tutemupta.

146 3703 183 3766 P.
214 3699 384 3780 paniculae
413 3699 599 3782 elongatae,
632 3699 837 3768 attenuatae,
866 3698 1071 3783 interruptae

38 3777 164 3854 iramis
196 3781 418 3852 veruculatis,
447 3782 645 3853 numerosis,
665 3782 907 3854 ramosissimis,
938 3786 1068 3866 patulis,

39 3861 43 3924 ἰ
64 3868 199 3953 spiculis
224 3862 488 3944 subquadrifloris
502 3868 659 3937 minutis,
681 3855 823 3928 flosculis
844 3861 967 3930 obtusis
986 3866 1070 3932 libe.

40 3929 42 3991 i
65 3959 127 4019 ris:
149 3949 299 4012 omnibus
321 3950 504 4010 brevissime
526 3947 733 4026 pedicellatis.
1101 3945 1104 3952 '

42 4103 44 4116 ,
151 4035 202 4096 Ita
221 4033 406 4095 nominavit
426 4033 608 4094 veneratiss.
631 4031 751 4092 anns
764 4031 850 4096 hanc
867 4031 988 4096 novam
1002 4053 1070 4114 spe·

42 4118 53 4161 ⁵'
69 4123 165 4214 ciepn,
187 4135 284 4262 (pram
304 4113 463 4179 benevole
484 4132 616 4180 mecum
632 4117 892 4182 communicavit
914 4137 955 4180 ex
976 4115 1069 4179 India

70 4207 194 4268 oriente
209 4202 230 4261 i.
