2648 4758
250 289 300 368 94
358 271 360 283 ·
413 205 739 336 seraranan
764 229 1086 404 [moruorum.

270 437 380 494 observ.
404 437 426 490 1.
465 438 521 492 Pto
544 445 640 492 aetate
670 434 717 488 vel
745 435 804 490 loci
826 434 930 490 natalis
951 437 1136 496 diversitate,
1152 441 1292 495 variat:

332 505 416 558 Caulo
435 503 463 556 di
488 503 549 556 itali
569 515 596 556 et
614 504 754 573 palmari,
772 503 914 574 simplici,
932 519 1000 556 cum
1014 505 1223 584 pedunculis
1243 508 1289 562 al·

330 563 422 628 ternis
447 520 584 624 sillitariis
601 571 726 635 bissoris,
751 572 831 623 utin
849 571 974 642 Hedyote
991 571 1104 639 brflma,
1125 573 1288 628 dichoto-

331 657 396 708 mc,
421 639 467 692 rel
489 655 558 716 'cum
597 637 742 690 edunculo
759 638 790 690 in
806 640 907 710 quovis
923 638 1106 692 dichotomia
1128 642 1286 694 solitario

306 707 435 762 ,bifloro
463 704 510 756 vel
529 705 565 756 tri
591 719 657 768 στος
682 705 771 756 Foliis
797 705 950 758 latioribus
972 705 1283 762 lineari-lanceola·
1323 749 1324 756 ,

240 819 258 834 ..
329 778 376 829 tis.
403 769 487 826 'Cum
504 789 570 824 vero
584 772 720 824 omnibus
736 770 860 842 reliquis
877 771 1054 840 inpartibus
1069 785 1191 828 exacte
1207 794 1280 830 con·

327 843 448 896 veniant
470 841 541 901 haec
559 839 720 910 specimina
747 855 815 892 cum
840 839 875 892 H.
895 839 1053 891 dichotoma
1071 839 1209 896 roem
1228 845 1278 896 hic

328 906 485 978 descripta,
510 924 567 959 non
591 907 645 958 nisi
673 905 824 975 varietates
846 904 920 958 milii
937 906 1084 960 videntur.
1125 909 1200 962 Sub
1222 930 1275 962 no·
1323 952 1324 957 ,

326 977 407 1030 mine
427 975 632 1026 Oldenlandiae
649 973 762 1042 biflorae
779 971 948 1026 collectioni
965 991 1001 1026 ex
1015 975 1100 1029 India
1120 979 1272 1034 orientali
1322 1010 1324 1047 ᾗ

328 1043 453 1096 inerant.
865 1069 870 1085 ι
1322 1050 1324 1075 ³

265 1161 376 1220 observ.
400 1161 438 1212 11.
480 1157 618 1226 Hedyotis
650 1173 675 1210 a.
698 1175 724 1226 5.
747 1175 775 1225 4.
800 1175 889 1230 wem
914 1157 1047 1229 proxime
1071 1161 1133 1213 sibi
1159 1165 1268 1218 affines

329 1238 406 1293 sunt,
423 1235 467 1294 ut,
484 1225 539 1276 nisi
558 1225 694 1278 foliorum
712 1227 802 1294 basin,
820 1226 1019 1280 membranam
1037 1225 1127 1282 illam
1147 1235 1265 1284 combi-
1315 1232 1320 1255 '

328 1305 447 1350 nantem
471 1301 501 1344 et
518 1291 583 1344 tubi
599 1293 726 1361 corollae
740 1294 962 1363 proportionem
978 1311 1047 1348 cum
1064 1296 1193 1366 calyce,
1218 1317 1264 1352 re·

232 1383 235 1386 ·
328 1363 494 1436 spiciamus,
510 1359 838 1429 aegre'distinguantur.

116 1521 124 1536 -
164 1571 167 1581 Ι
215 1545 217 1549 ,
257 1507 317 1580 ,5.
360 1466 582 1552 Heurous
608 1505 740 1588 aspera.

183 1658 186 1668 ,
276 1611 279 1620 “
327 1605 368 1666 H.
389 1603 518 1684 papillis
546 1613 750 1680 exasperata,
772 1599 1010 1677 caulesstricto,
1029 1605 1255 1688 subsimplici,

142 1747 145 1754 ,
244 1687 330 1748 foliis
350 1685 674 1757 lineari-subulatis,
696 1685 764 1746 basi
790 1685 981 1746 membrana
1014 1691 1177 1769 utrinque
1200 1697 1255 1754 sti·

177 1831 179 1839 ,
244 1764 350 1851 ‘pulari
370 1771 483 1841 unitis,
503 1788 632 1830 racemo
646 1767 822 1840 terminati,
844 1769 1058 1852 subsimplici,
1067 1772 1163 1846 laxo,
1176 1796 1253 1855 pau·

242 1851 364 1936 cissoro,
385 1853 524 1914 corollae
546 1853 624 1913 tubo
643 1851 831 1934 prael-ongo.

325 1937 375 1997 Ita
395 1935 575 2020 designavit
595 1935 782 1995 honoratiss.
805 1933 927 1994 Herus
943 1933 1165 2004 hononorem
1184 1963 1252 2024 spe.
1305 1970 1313 1997 ι

157 2048 160 2058 ’
214 2016 216 2022 ’
242 2023 329 2082 ciem
350 2023 386 2082 in
407 2020 502 2080 India
522 2017 676 2080 orientali
696 2021 736 2080 ab
757 2016 819 2077 Illo
842 2018 1051 2080 observatam.

324 2105 410 2166 Tota
436 2104 547 2184 planta
570 2122 650 2164 oum
671 2101 807 2164 floribus
828 2099 957 2182 papillis
977 2103 1112 2176 albidis,
1136 2108 1253 2169 minu·

239 2191 282 2252 tis
300 2195 497 2270 'exasperata
1041 2201 1057 2240 ⁸

306 2289 461 2352 Radix
496 2287 659 2366 simplex,
698 2288 752 2348 vel
788 2283 993 2360 dichotoma,
1037 2286 1248 2366 descendens,

170 2415 173 2436 .
239 2371 396 2434 flexuose.
934 2390 936 2402 ·

268 2449 270 2457 ’
306 2448 415 2512 Gaul
423 2450 459 2509 is
487 2461 633 2518 erectus,
656 2448 803 2522 strictus,
825 2462 927 2525 teres,
950 2451 1125 2524 filifotmis,
1150 2460 1244 2520 semi-

238 2534 362 2620 pedalis
384 2545 417 2591 et
438 2531 582 2610 longior,
603 2531 798 2611 plerumque
820 2535 976 2616 simplex,
1004 2549 1075 2598 raro
1099 2559 1168 2600 uno
1197 2544 1241 2602 al·

237 2631 344 2679 terove
358 2617 456 2674 'ramo
477 2615 608 2686 divisus,
629 2615 829 2676 articulatus.

304 2699 335 2758 F
342 2696 385 2756 ol
392 2698 405 2756 ἰ
411 2717 434 2755 o
454 2696 603 2772 linearia,
625 2697 785 2771 subulam,
807 2700 895 2762 ultra
908 2686 1044 2762 uncieim
1062 2703 1176 2787 longa,
1192 2721 1238 2768 ta·
1307 2660 1314 2825 Ι

136 2771 151 2790 '
236 2801 314 2844 meu
340 2779 531 2842 internodiis
558 2782 752 2862 plerumque
782 2783 942 2859 breviora,
964 2797 1088 2862 erecta,
1108 2792 1237 2864 'stricta

234 2865 305 2928 basi
325 2883 440 2944 parum
463 2878 637 2927 attenuata.
875 2891 878 2896 ·

227 2947 233 2954 “
300 2946 549 3014 Membrana
569 2949 650 3010 folia
669 2948 738 3008 basi
754 2963 949 3012 connectens
965 2953 1113 3028 scariosa,
1133 2959 1236 3020 utrin-

128 3113 131 3124 .
162 3100 164 3118 ¹
235 3053 297 3114 que
325 3029 458 3111 stipula
490 3029 635 3094 lineari·
651 3029 801 3096 subulata
837 3033 982 3116 longiore
1011 3051 1126 3114 aucta,
1165 3043 1233 3102 sub-

231 3117 378 3180 dentata„
1083 3130 1085 3134 ’

49 3211 51 3220 “
296 3197 1229 3288 Racerriusterminalis,pedunculetus‚subinstigiatus,

132 3297 135 3302 '
230 3283 354 3354 nudus,
377 3282 488 3354 laxus,
510 3279 723 3362 pauciflorus,
751 3301 848 3344 nunc·
863 3287 1024 3368 simplex,
1052 3308 1141 3362 nunc
1163 3292 1229 3354 basi

172 3427 186 3438 ,
230 3367 416 3456 pedunculo
444 3363 587 3442 bifloro',
614 3385 703 3426 nunc
737 3367 931 3458 pedunculis
966 3367 1052 3434 binis
1080 3374 1227 3438 uuifloris
1313 3422 1316 3431 ,

231 3461 353 3512 auctus.
397 3472 400 3480 ·
793 3467 796 3472 '

291 3529 340 3592 Fl
347 3553 442 3594 ores
469 3533 506 3594 in
525 3549 654 3595 racemo
679 3553 739 3614 per
764 3533 937 3596 intervalla
958 3555 1046 3598 nunc
1067 3538 1224 3620 longiora,

184 3635 188 3645 ·
229 3616 469 3689 semiuncialia‚
489 3636 578 3678 nunc
598 3616 760 3692 breviora,
789 3618 981 3698 plerumque
1007 3625 1150 3704 genusii,
1178 3644 1226 3686 ra·

227 3697 293 3758 rius
315 3701 457 3774 solitarii,
477 3701 681 3780 pedicellati:
706 3699 883 3762 Pedicellis
902 3704 1102 3784 aequalibus.

291 3785 504 3845 Bructeae
538 3781 762 3864 subpedicellis
789 3803 920 3864 parvae,
948 3785 1221 3853 lineari-subula·
1316 3819 1317 3838 ι

148 3875 156 3892 ¹
225 3873 287 3934 tae,
308 3861 376 3926 bas'i
397 3885 562 3928 connexae
583 3868 773 3928 membrana
794 3867 922 3934 ciliata..
1314 3865 1319 3951 i

222 4005 228 4020 χ
290 3941 436 4030 Calyce
474 3952 734 4030 campanulatus,
782 3965 906 4025 ovatus,
942 3953 1220 4033 quadridentstus:

228 4027 401 4094 Dentibus
422 4032 491 4108 ipso
512 4033 623 4114 calyce
644 4033 741 4114 paulo
761 4034 971 4118 longioribus,
991 4037 1181 4102 linearibus.

217 4115 219 4123 ’
291 4111 468 4178 Corolia
502 4113 830 4182 infundibuliformis.
903 4119 1011 4184 Tutus
1046 4120 1220 4199 filiformis,
1317 4094 1322 4228 i
