2678 4760
127 251 135 278 1

194 321 521 437 '‘DIANDRIA
552 264 911 426 iconocrun..
1024 282 1119 412 1'5'
1235 393 1236 402 Ν

60 524 252 577 nerascens,
295 503 337 568 ad
375 503 502 569 lentem
539 504 731 588 tepuissirne
767 503 962 588 pubescens,
976 513 988 518 ““
1003 521 1068 564 sca·
1133 542 1135 552 ·

61 589 258 652 briusculus.
683 637 685 644 .
832 643 837 650 .

172 675 278 735 Romi
297 673 448 754 oppositi.
998 702 1006 732 ο

131 757 164 817 F
170 756 235 817 oli
241 779 264 816 a
285 749 830 838 opposita>breuissimepetiolata,
852 751 1071 813 lineari-lan-

60 838 201 910 ceolata,
222 842 377 919 utrinque
398 852 581 914 attenuata,
602 839 642 900 ad
663 839 789 898 lentem
809 835 884 917 pilis
916 835 1071 917 adpressis
1102 843 1107 852 '
1156 869 1160 878 ·

58 917 217 984 brevibus
238 919 381 992 obsessa,
403 922 524 982 scabra.
901 919 908 956 ²
1051 965 1062 998 ,

134 1005 158 1066 S
164 1007 292 1085 picae
312 1003 465 1066 axillares
487 999 529 1080 (si
548 1002 667 1081 adsint)
696 1003 840 1063 alternae
862 1013 895 1062 et
915 1002 1072 1062 termina·

57 1085 122 1158 les,
146 1087 326 1158 solitariae,
348 1087 526 1170 oblongae,
555 1087 625 1148 basi
651 1085 739 1147 foliis
760 1082 888 1144 duobus
910 1087 1072 1166 oppositis,
1162 1148 1168 1172 ι

55 1158 245 1232 linearibus
275 1170 406 1248 reliquis
432 1168 605 1242 similibus,
629 1169 794 1240 suffultae,
825 1167 986 1251 unciales,
1009 1189 1071 1232 ses-

59 1253 265 1330 quiunciales
286 1265 318 1315 et
339 1247 509 1334 longiores.
554 1261 557 1268 ⁴
843 1279 844 1289 ¹
968 1250 972 1256 ’

129 1337 162 1396 F
168 1333 284 1396 iores
327 1341 430 1418 spicae
466 1335 575 1398 infimi
605 1334 762 1416 oppositi,
790 1333 911 1414 reliqui
938 1333 1069 1407 alterni,
1146 1329 1155 1370 ³

57 1435 175 1480 omnes
197 1415 329 1480 sessiles.
503 1435 506 1443 “
663 1451 666 1458 ’
737 1477 740 1486 ,
861 1419 864 1427 ’
905 1454 909 1464 ’

128 1500 332 1561 Bructea
358 1499 398 1560 acl
421 1490 565 1584 Quemvis
596 1499 714 1561 florem
736 1518 777 1560 ex
793 1500 941 1582 oblongo
962 1515 1070 1574 ovata,
1102 1511 1104 1518 ’
1139 1505 1143 1522 ’

55 1583 211 1663 margine
239 1583 333 1644 tenui
362 1583 610 1648 membranaceo
632 1586 756 1645 cincta:
787 1584 963 1644 interiores
972 1584 1071 1662 pluat

58 1666 246 1744 oppositae,
281 1667 390 1748 calyce
430 1669 485 1728 vix
505 1687 628 1746 parum.
650 1669 834 1739 breviores,
857 1667 1069 1738 lanceolatae,

56 1749 208 1808 maxima
240 1767 281 1810 ex
312 1763 405 1831 parte
426 1751 692 1814 membranaceae
713 1749 950 1824 flavescentes,
973 1761 1072 1811 neno

56 1831 180 1895 dorsali
200 1833 311 1909 viridi,
342 1835 435 1896 dorso
466 1836 660 1898 tenuissima
689 1834 775 1914 pube
797 1832 838 1894 ad
859 1833 985 1896 lentem
1013 1834 1070 1894 ob·

55 1931 171 1976 sessae.
214 1967 216 1980 ,
320 1933 324 1962 ¹

126 1995 264 2080 Calyx
286 1987 519 2084 tetrapbpllus:
535 1993 683 2091 foliolis¹
699 2000 839 2062 bracteis
853 1995 1067 2060 interioribus
1102 2011 1108 2022 “

56 2078 167 2162 figura
188 2095 221 2142 et
237 2097 407 2146 structura
427 2096 543 2145 exacte
563 2081 746 2164 similibus,
769 2085 824 2158 ita,
846 2096 883 2144 ut
896 2085 1003 2165 primo
1017 2085 1067 2142 in·

8 2231 9 2234 ¹
57 2165 152 2225 tuitu
173 2165 269 2244 calyx
294 2167 515 2246 hexaphyllus
536 2177 697 2245 appareat.

125 2241 315 2306 corolla
342 2247 516 2306 bilabiata:
554 2245 699 2306 Lahium
733 2247 886 2326 superius
912 2245 1069 2307 bifidum:

58 2318 212 2413 inferius
234 2324 351 2386 subtus
394 2325 447 2385 ilis
468 2325 547 2383 albis
569 2323 754 2385 barbatum.
778 2358 779 2369 .

128 2409 330 2476 Stamina
381 2425 423 2464 uo
441 2403 671 2476 antherifera,
693 2403 872 2465 dianthera.
916 2409 1070 2470 Anthera

56 2487 216 2566 superior
236 2485 326 2566 apice
342 2487 415 2564 pilis
436 2484 519 2546 albis
531 2485 690 2566 adspersa,
712 2485 783 2546 basi
803 2508 959 2550 mucrone
976 2491 1070 2554 brevi

58 2571 153 2642 albo,
176 2568 290 2629 obtuso
304 2583 352 2642 ,et
374 2581 525 2631 exstante
546 2581 656 2638 aucta3
680 2561 828 2659 inferior
849 2570 976 2652 glabra,
1000 2575 1069 2636 basi

58 2671 191 2732 corpore
214 2650 373 2734 oblongo,
405 2651 584 2722 subcurvo,
606 2651 872 2726 membranaceo,
894 2655 1066 2736 pellucido,

57 2737 158 2801 niveo
180 2733 347 2801 calcarata.
579 2783 581 2790 .
626 2747 660 2804 χ

126 2813 353 2878 Pistillum
396 2816 513 2904 Stylus
533 2817 724 2898 pubescens.
759 2819 892 2898 Stigma
914 2821 1067 2902 simplex,

60 2898 227 2960 obtusum.
1166 2901 1167 2908 ’

129 2982 184 3045 Ca
192 2979 297 3062 psal
305 3003 327 3043 a
349 2983 496 3066 oblonga,
518 2983 610 3048 brevi
630 2986 783 3046 acumine
804 2985 981 3046 terminata
1009 3005 1067 3068 pu-

60 3065 205 3128 bescens.

164 3155 190 3214 β.
220 3143 382 3213 imberbis.
886 3205 893 3218 .

122 3228 165 3297 In
185 3229 381 3293 collectione
409 3231 597 3314 plantarum
628 3231 740 3297 Indiae
761 3231 925 3295 orientalis
947 3229 1066 3292 ditissi-

60 3331 133 3388 tna,
156 3335 218 3398 qua
238 3333 293 3376 me
315 3313 435 3378 dotavit
456 3317 527 3382 Cel.
559 3317 700 3392 Herus,
728 3317 826 3398 inseri
849 3330 882 3375 ta
909 3330 958 3376 est
985 3315 1066 3376 haec
1119 3376 1124 3393 ,

61 3397 173 3478 planta
200 3399 229 3460 J.
259 3393 510 3490 rotundifolia‚
541 3419 639 3480 quam
660 3401 714 3460 vix
736 3420 793 3482 pro
815 3339 937 3458 dlversa
959 3399 1066 3478 specie
1124 3463 1129 3472 ,

62 3479 226 3542 venditare
259 3497 407 3562 possum,
444 3477 499 3544 sed
515 3486 636 3564 ,potius
665 3486 854 3544 varietatem
882 3474 910 3544 [s.
940 3479 1065 3542 Ventri
1106 3522 1109 3530 ·

60 3574 157 3642 puto,
186 3565 242 3625 cui
263 3565 442 3626 simillima.
486 3566 622 3627 Recedit
650 3580 796 3627 tantum:
832 3562 940 3626 Foliis
966 3566 1064 3646 paulo
1136 3597 1139 3604 ν

60 3643 247 3788 ΙειῑιὶρτίδῙυὶε
261 3643 430 3742 ⁶corollae
446 3645 537 3710 labio
554 3642 728 3738 inferiore,
751 3647 912 3712 Aetheris
928 3661 960 3708 et
976 3645 1064 3728 Cap·

61 3748 146 3789 sats
165 3745 217 3812 ga
242 3749 295 3792 ns.

70 3816 191 3874 ‘Olearia
216 3821 241 3878 Ι.
275 3821 320 3874 Ad
340 3819 416 3877 banc
439 3815 611 3884 v'arietateut
642 3820 789 3894 pertinere
812 3818 928 3876 videtur
950 3823 976 3881 J·
1000 3841 1063 3892 pm·
1103 3863 1107 3878 .

146 3889 275 3942 rumiens
296 3891 374 3943 vinc
396 3892 501 3946 Ennm.
526 3893 619 3964 plant.
648 3889 708 3942 vol.
724 3891 744 3946 1.
778 3905 922 3960 pag.14o.
947 3894 1064 3946 exclusa

143 3966 203 4009 var.
222 3971 245 4012 γ.
264 3951 459 4023 rocundcjfolia,
478 3964 547 4029 quia
564 3959 690 4014 corollae
708 3954 833 4010 Labiunt
855 3958 975 4009 inferius
1001 3959 1063 4026 gla-

140 4021 231 4076 brum
255 4023 402 4082 adscribit,
442 4027 518 4078 Nam
541 4025 571 4076 in
594 4025 667 4078 Just.
701 4027 881 4078 recumbentis
897 4025 980 4077 Lrurt.
998 4041 1062 4096 spe-

142 4092 300 4144 cimiuibus
314 4093 482 4146 allocutum
497 4091 534 4144 acl
549 4045 726 4172 Traupuelar
735 4093 819 4148 lectis
831 4100 861 4144 et
874 4091 942 4142 aCl.
955 4094 1061 4142 Scana-

141 4171 213 4211 nao
231 4157 307 4212 mihi
324 4149 448 4228 donatis,
466 4176 558 4230 aeque
574 4178 608 4216 ac
625 4177 656 4214 ιη
673 4157 723 4228 iit,
742 4177 816 4231 pirae
832 4159 863 4212 in
881 4153 1061 4211 Collectione
