2678 4760
225 339 228 350 ’
261 376 272 403 .
305 373 351 424 20
508 315 758 416 uriuuara
790 343 1107 417 uouocruu.
1174 351 1178 358 ·

388 520 525 587 stitnens,
542 519 575 572 in
591 519 647 572 hac
659 517 761 589 planta
777 535 837 572 non
854 519 933 572 circa
945 517 1075 572 modium
1091 519 1172 572 intre
1184 519 1329 573 corollae

389 589 512 653 tubum,¹
538 597 572 640 ut
594 586 628 638 in
651 586 786 638 omnibus
810 585 884 645 mihi
897 587 988 640 inotis
1011 585 1162 655 speciebus
1213 587 1276 638 sed
1304 591 1328 640 iu

389 657 471 726 apice
494 663 574 705 extra
596 652 738 708 corollam
761 651 860 706 locum
879 654 985 706 habeat
1002 661 1031 704 et
1048 653 1127 722 quud
1144 654 1166 704 ii
1182 665 1327 706 amento-

376 729 457 776 'rum
480 737 563 772 ertu-a
584 721 709 772 anthera
733 717 864 790 perfecta
882 719 1050 790 pollinifcra
1066 719 1240 773 terminata
1261 725 1327 780 sint,

389 791 443 842 Vix
467 788 539 840 haec
563 787 674 858 proprii
690 788 805 856 generis
822 787 924 856 planta
940 785 1014 840 mihi
1026 786 1170 850 videtur.
1191 803 1278 840 cum
1303 792 1327 840 in

271 895 280 919 ,
388 855 511 924 reliquis
525 855 605 908 floris
622 863 652 906 et
664 853 781 906 fructus
794 854 925 924 par'tibus
937 871 1005 906 cum
1022 855 1119 904 Salvia
1132 855 1223 908 omni
1241 856 1326 906 mode

389 922 552 987 conveniat,
569 921 641 974 licet
657 922 875 974 lilanentorum
890 930 1037 974 structura
1053 917 1150 972 aliena
1164 933 1325 1002 appareat

388 993 427 1042 At
444 989 578 1040 crurium
593 985 748 1058 longitudo
766 986 927 1060 inaequalis
944 987 1125 1042 demonstret
1139 988 1325 1042 affinitatem

387 1071 533 1108 summam
549 1071 618 1109 cum
639 1057 746 1109 Salvia.

507 1233 542 1299 ·,
621 1209 999 1292 vuuoutca

296 1333 911 1442 ¹21.ttaaoutcareumfoua.
1059 1313 1075 1348 ‘
1233 1341 1239 1350 '
1329 1395 1332 1424 .

388 1463 427 1528 V.
451 1463 585 1538 floribus
613 1463 785 1537 solitariis,
816 1466 903 1528 foliis
948 1464 1150 1526 titiunculum
1172 1455 1332 1546 sequar-J

303 1549 390 1610 tibus
412 1548 651 1630 quinquelobis3
679 1549 817 1610 summis
845 1487 994 1620 iniciis,
1017 1548 1179 1629 calycibus
1201 1549 1314 1610 fructi·

303 1631 599 1710 ieristetraquetris
614 1631 882 1695 conniventibus:
897 1632 1019 1694 foliolis
1032 1631 1183 1706 cordatis,
1200 1637 1312 1702 acutis,

238 1705 249 1726 '
292 1711 395 1776 tcaule
416 1717 661 1794 procumbente.
729 1747 732 1766 »

337 1845 352 1862 ,
385 1795 422 1856 V.
444 1789 689 1888 hederaefolia.
717 1799 818 1864 Ltus.
841 1813 875 1864 et
896 1812 1078 1861 auctorum.

342 1929 374 1974 s.
418 1907 644 1976 VERONICA
666 1907 995 2006 cyntiuluriaefolia.
1076 1983 1078 1992 ¹

383 2015 421 2076 V.
442 2011 577 2078 floribus
603 2015 772 2089 solitariis,
793 2015 882 2080 foliis
902 2015 1086 2100 pedunculo
1107 2007 1311 2078 breuioribus

221 2121 224 2129 ’
302 2096 592 2180 subseptemlobis,
623 2097 786 2180 calycibus
813 2101 993 2164 fructiferis
1021 2098 1159 2182 patulis:
1191 2099 1309 2160 foliolis

303 2183 402 2244 ovatis
424 2180 558 2256 obtusis,
580 2181 672 2244 caule
718 2181 944 2246 recumbente.

383 2265 421 2326 ·V.
460 2199 782 2404 cymboiariajuiia
817 2268 912 2332 Vaut.
945 2267 1066 2330 Enum.
1095 2263 1143 2328 Pl.
1180 2262 1259 2327 Vol.
1289 2263 1305 2322 l.

299 2365 373 2426 pag.
389 2347 642 2418 81,Lotsa.1.eua
696 2349 838 2408 otientur
850 2351 898 2408 les
913 2351 1045 2412 Plantas
1067 2367 1086 2408 a
1101 2349 1231 2422 ajouter
1249 2348 1270 2406 ir
1285 2346 1305 2404 lt

300 2427 351 2490 Fl.
374 2428 399 2486 F
403 2443 491 2484 ranc.
514 2441 585 2502 pag.
606 2439 637 2496 4.

373 2505 420 2568 ›V.
442 2503 515 2564 chia
535 2501 853 2583 cymbalatiaefolia,
874 2506 955 2566 flore
975 2505 1058 2579 albo,
1080 2501 1248 2568 umbilico
1274 2513 1307 2572 ai·

300 2589 373 2652 ridi.
416 2587 583 2650 Buxueun
607 2581 704 2648 Ceut.
720 2585 747 2647 Ι.
769 2606 841 2668 pag.
856 2605 906 2666 25.
921 2587 1011 2652 aab.
1031 2585 1162 2669 59..fig.
1180 2605 1210 2650 2.

230 2691 234 2704 ·
385 2669 663 2750 Quem·proxime
689 2668 770 2729 haec
798 2670 856 2730 diu
884 2685 1002 2732 vexata
1028 2669 1145 2753 planta
1170 2689 1308 2756 cognata

301 2769 350 2818 est
373 2772 451 2836 curu
480 2751 712 2826 antecedente,
739 2765 854 2814 tamon
873 2753 1119 2836 distinctissime
1141 2765 1174 2813 et
1194 2759 1307 2830 miror,

299 2852 370 2902 tam
392 2834 449 2900 diu
468 2835 681 2916 praetervisos
704 2855 771 2896 esse
792 2837 997 2900 characteres
1019 2835 1216 2915 essentiales.

372 2921 422 2982 'In
451 2920 487 2980 V.
508 2909 746 3007 hederaefolia
778 2918 878 2980 Folia
906 2918 1228 3002 subquinquegloba‚
1251 2945 1306 3004 pe-

297 3005 372 3068 tioli
399 3003 531 3066 circiter
551 2997 777 3080 longitudine,
799 3002 1025 3082 petiunculam
1052 3015 1209 3082 aequant:
1244 3009 1303 3066 Fo-

299 3087 385 3150 liola
405 3083 732 3167 calycinacordata,
753 3099 869 3162 acuta,
897 3101 930 3148 et
955 3085 1071 3148 Floras
1091 3085 1210 3166 pallide
1235 3107 1302 3148 cae-

297 3171 388 3243 rulei
404 3168 625 3247 observantur.
668 3167 708 3229 In
730 3169 766 3228 V.
789 3162 1107 3260 cymbalariuefoliu
1138 3185 1301 3232 econtra-

298 3254 347 3316 rio
360 3250 461 3314 Folia
470 3264 547 3312 sunt
564 3249 660 3310 subse
684 3251 844 3326 temloba,
867 3253 975 3313 multo
991 3253 1124 3334 lougius
1136 3251 1299 3330 petiolata‚

297 3351 412 3398 tamen
447 3333 634 3416 pedunculo
662 3271 825 3402 breviora:
844 3327 996 3398 -Γοίίὤα
1017 3332 1171 3416 calycina
1197 3349 1297 3408 ovata,

298 3419 415 3479 obtusa
435 3434 469 3480 et
494 3416 610 3480 Floret
622 3415 698 3480 albi.
720 3417 820 3496 Porro
842 3410 1132 3508 calyxfructiger
1146 3418 1297 3500 inpriore

241 3573 244 3578 Ι
298 3515 412 3576 exacte
434 3513 636 3580 tetraquetet
656 3513 690 3560 et
706 3499 1052 3572 claususobservatun
1074 3501 1111 3560 in
1125 3505 1295 3580 posteriore

295 3599 370 3641 vero
391 3583 530 3661 patulus.
1012 3642 1017 3648 .

316 3687 428 3744 observ.
469 3689 583 3744 Veronic
617 3689 850 3762 Cymbalort'solt'n
875 3691 1071 3746 Florianum
1093 3703 1293 3760 germanorum

339 3789 342 3796 ,
377 3757 424 3808 vix
441 3752 508 3834 vilis
518 3712 645 3832 peribas
663 3761 723 3812 dici
758 3769 832 3812 otest
844 3761 876 3829 V.
891 3759 1109 3826 keaeieruefoiiae²
1130 3773 1202 3826 quae
1213 3759 1292 3812 nullo

379 3821 527 3874 essentiali
544 3823 710 3880 charactere
743 3825 924 3895 rstinguitur.
960 3827 991 3877 V.
1011 3839 1078 3878 vere
1096 3825 1292 3892 Cymbalariae-
1325 3877 1326 3884 ,

378 3892 454 3955 folia
467 3888 626 3942 Bursaumr
637 3896 684 3947 vix
697 3907 829 3962 unquam
843 3893 877 3944 in
889 3891 1051 3946 Germania
1061 3891 1230 3959 invenietur,
1244 3893 1291 3946 sed
1325 3913 1326 3916 ¹

377 3957 412 4012 in
426 3951 524 4010 Gallie
538 3971 629 4028 prope
647 3961 778 4014 Talentm
795 3969 826 4012 et
837 3952 975 4030 insegal)
993 3957 1150 4014 florentino
1162 3960 1289 4014 occurrit

592 4111 997 4130 m
