2648 4758
115 357 149 426 ,·
218 243 540 374 ruursuoan
574 265 888 424 uonoornn.
935 343 937 348 .
994 256 1063 397 sn

5 533 9 568 3
42 485 206 549 eboratis
227 484 370 571 obsolete
393 484 568 556 serrulatis,
588 479 740 566 margine
759 479 990 567 cartilagineis,
1013 473 1067 566 c'ya
1088 487 1097 530 ¹
1119 508 1123 524 ·

5 627 9 652 ‚
39 572 120 631 mis
145 568 346 642 milliaribus,
369 567 571 642 dichotomis,
593 565 785 630 divaricatis.
1074 627 1078 642 ⁸

142 651 209 714 Sub
230 653 291 714 hoc
312 653 448 716 nomine
470 651 627 712 benevole
648 647 739 711 dedit
766 649 956 736 honoratiss.
971 647 1068 710 Her*
1150 711 1155 720 ,

40 755 99 795 ism
119 757 169 796 ex
190 734 285 797 India
306 733 465 798 orientali.
644 767 649 794 t
943 777 945 784 .
1172 799 1174 810 ,

125 815 286 886 Gaulos
305 812 436 891 teretes,
459 817 577 902 glabri,
599 811 722 878 cortice'
737 813 868 879 cinereo
884 815 1026 877 obducti.
1069 865 1072 872 .
1121 831 1123 834 ·

166 902 426 984 Ιίαητί,α1ῑεςηί,
455 901 496 962 ad
517 897 678 983 angulum
698 900 774 974 fere
788 914 917 962 rectum
938 919 956 958 e
977 897 1068 958 caule

200 981 450 1066 'egredientem
480 983 622 1054 cinerei,
659 984 781 1060 patuli,
805 981 962 1069 juniores
991 1001 1069 1062 pun

226 1089 330 1148 pureo
351 1071 472 1130 cortice
494 1065 636 1130 obducti.

5 1207 9 1226 ‚
128 1149 288 1230 Spinde
325 1153 469 1214 unciales
519 1163 552 1212 et
589 1147 862 1230 sesquiuuciales,:
912 1143 1070 1234 juniores
1150 1203 1153 1212 Δ

4 1235 7 1244 ’
46 1237 247 1316 purpurei,
260 1235 349 1296 infra
380 1237 506 1314 apicem
525 1233 645 1296 folium
674 1236 752 1292 edm
772 1246 866 1318 cyma
886 1229 1085 1310 producens

4 1377 8 1412 ἱ
49 1331 135 1376 tes:
152 1319 345 1380 annosiores
374 1339 411 1378 eo
432 1320 503 1378 loco
526 1319 585 1378 ubi
606 1319 643 1378 in
663 1315 791 1392 juniore
811 1317 921 1373 aetate
941 1331 1070 1392 cymam

48 1398 254 1482 produxere,
276 1401 442 1462 ramulum
465 1401 621 1460 emittunt
641 1393 902 1458 adscendentem.
1113 1391 1119 1406 '

128 1481 160 1540 F
165 1479 227 1542 oli
234 1501 257 1540 a
285 1483 431 1560 alterna,
454 1482 596 1544 breviter
616 1481 791 1560 petiolata,
814 1479 957 1550 obovata,
979 1478 1070 1556 apice

50 1561 249 1636 rotundato,
270 1567 337 1626 basi
358 1565 395 1638 in
416 1563 576 1645 petiolum
597 1576 776 1632 attenuata,
800 1561 927 1642 glabra,
946 1559 1071 1621 obsole-

48 1649 187 1718 tissime
208 1647 387 1718 serrulata,
409 1647 508 1728 triplo
527 1646 581 1708 vel
604 1647 786 1726 quadruplo
807 1643 948 1718 maiora,
971 1659 1072 1724 qnam

49 1731 93 1789 in
126 1725 288 1812 Celastro
307 1733 540 1808 emarginate,
562 1731 728 1806 coriaceis,
750 1740 783 1790 at
810 1729 981 1804 tenuioro3
1013 1727 1072 1814 ju·

50 1813 160 1874 πίονα
179 1813 293 1894 glauco
313 1811 437 1878 viridia.

7 1921 11 1928 ⁴
115 1893 277 1984 *Cyma‘e
311 1899 348 1960 in
386 1895 495 1958 axillis
523 1895 682 1958 foliorum
706 1911 895 1957 raineorum
924 1904 959 1952 et
986 1892 1073 1952 infra
1103 1902 1109 1932 ²
1205 1909 1207 1918 ¹

52 1981 189 2058 apicem
216 1981 388 2066 spinarum
414 1980 586 2056 juniorum
613 1979 739 2041 sessiles
771 1976 825 2042 vel
855 1974 995 2038 breviter
1016 1991 1071 2050 pe·

56 2061 278 2132 dunculatae,
308 2061 529 2131 dichotomae,
561 2061 675 2131 laxae,
705 2059 919 2131 divaricatas,
954 2055 1072 2129 nudae,

36 2146 169 2218 „ramis
190 2143 452 2223 pedunculisque
474 2144 618 2211 setaceis,
639 2141 820 2222 purpureis.

130 2224 282 2291 Flores
303 2227 402 2306 duplo
423 2223 572 2300 maiores,
594 2231 691 2303 quani
710 2223 748 2283 in
770 2229 938 2302 sequente.

105 2375 137 2422 ο.
181 2356 434 2422 caussatus
456 2351 697 2454 marginatis.
731 2333 734 2340 “

149 2473 185 2538 C.
208 2474 307 2553 spinis
328 2473 509 2550 junioribus
531 2469 652 2530 foliosis
671 2482 704 2530 et
722 2469 890 2542 floriferis,
911 2469 999 2532 foliis
1016 2472 1073 2532 ob·

61 2556 188 2629 oratis,
211 2556 480 2640 subemarginatis
507 2553 729 2634 integerrimis
751 2556 920 2624 coriaceis,
943 2555 1075 2614 umbel-

60 2641 107 2700 lis
127 2637 356 2718 pedunculatis
375 2637 615 2715 s'essilibusque,
637 2635 831 2714 pedunculis
855 2637 1074 2718 capillaribus.

148 2721 185 2786 C.
209 2723 374 2802 spinosus,
405 2723 504 2801 spinis
525 2717 666 2789 foliosis,
694 2719 784 2784 foliis
805 2720 945 2782 obovatis
967 2740 1073 2784 emar·

64 2808 183 2888 ginatis
204 2805 272 2866 inte
297 2801 603 2880 errimis,umbellis
617 2801 854 2881 pedunculatis.
877 2803 1074 2883 Lususpec.

61 2891 174 2956 Plant,
197 2887 245 2948 ed.
311 2905 400 2948 rann.
421 2885 560 2950 Tom.1.
582 2885 658 2945 Pars
681 2905 709 2948 2.
733 2905 806 2966 pag.
827 2895 915 2958 1128.

94 3021 101 3030 .
149 2969 249 3034 Hunc
278 2984 406 3050 quoque
427 2969 626 3053 benignitati
645 2968 842 3033 Veneratiss.
871 2967 1000 3030 Heron
1018 2967 1074 3029 de·

65 3053 136 3122 beo¹
152 3073 194 3114 ex
215 3053 309 3118 India
332 3053 492 3118 orientali.
941 3079 947 3086 ·

135 3135 213 3200 Fol
221 3139 234 3202 i
241 3159 262 3200 a
283 3137 446 3215 coriacea,
460 3155 577 3208 crassa,
592 3127 712 3224 iigida,
734 3134 883 3207 obovata,
898 3133 951 3196 vel
973 3149 1075 3214 ovata,
1133 3143 1135 3150 ’
1229 3130 1234 3142 ’

68 3221 341 3304 subemorginata,
363 3219 479 3282 nitida.
555 3291 558 3300 q
603 3283 605 3286 ,

132 3292 285 3366 Floras
306 3304 445 3373 minuti,
467 3305 503 3366 in
522 3297 709 3366 umbellam
730 3301 902 3364 axillarem
924 3295 976 3378 (in
996 3299 1077 3362 meis

72 3383 317 3462 speciminibus)
338 3387 493 3457 senilem,
514 3405 622 3450 raram
645 3384 802 3463 dispositi.

136 3469 386 3534 Peduncuii
406 3471 587 3551 capillares,
610 3467 786 3551 simplices,
807 3465 974 3548 purpurei·

115 3620 143 3679 ὅ·
187 3599 438 3668 GELASTRUS
459 3602 661 3676 serrulatus.

158 3717 196 3780 C.
217 3718 363 3786 inermIs,
385 3717 473 3780 foliis
495 3718 660 3800 ellipticis‚
682 3713 797 3776 obtuse
813 3713 987 3791 serrulatis,
1008 3717 1075 3799 gla-

77 3803 154 3872 bris,
169 3801 272 3881 cymis
288 3800 497 3862 axillaribus:
522 3801 701 3877 fructiferis
722 3801 867 3860 maxime
888 3797 1078 3864 divaricatis.

95 3932 98 3946 .
158 3883 364 3954 collectioni,
388 3901 486 3964 quam
505 3883 702 3966 benignitati
723 3880 853 3946 Clariss.
875 3881 1004 3947 Harum
1024 3885 1078 3948 de·

76 3968 145 4043 beo,
167 3967 371 4030 innominata
391 3967 498 4032 inerat
520 3986 561 4028 ex
583 3966 674 4029 India
696 3965 855 4031 orientali.

116 4089 122 4098 ·
143 4048 299 4116 Cauiis
320 4064 416 4121 teres,
440 4051 653 4120 cinerescens,
676 4047 800 4130 glaber,
821 4049 967 4117 inermis.
1177 4087 1180 4094 ·

182 4133 287 4196 Ranzi
300 4133 435 4206 alterni3
454 4134 607 4222 juniores
621 4145 901 4216 purpurascentes,
922 4123 1027 4196 nitidi.
1077 4137 1082 4150 ¹
1179 4169 1183 4176 -
